@Book{xie2015,
  title = {Dynamic Documents with {R} and knitr},
  author = {Yihui Xie},
  publisher = {Chapman and Hall/CRC},
  address = {Boca Raton, Florida},
  year = {2015},
  edition = {2nd},
  note = {ISBN 978-1498716963},
  url = {http://yihui.name/knitr/},
}

@article{shelford,
  title = {Some Concepts of Bioecology},
  author = {Shelford, V. E.},
  publisher = {Ecology 12 (3): 455â€“467},
  year = {1931},
  note = {ISBN 1939-9170},
}

@article{hafez1968adaptation,
  title={Adaptation of domestic animals.},
  author={Hafez, Elsayed Saad Eldin and others},
  journal={Adaptation of domestic animals.},
  year={1968},
  publisher={Philadelphia: Lea \& Febiger.}
}

@figure{q10,
  title = {The effects of temperature on enzyme activity.},
  author = {Thomas Shafee},
  year = {2016},
  url = {https://en.wikipedia.org/wiki/Q10_(temperature_coefficient)#/media/File:Q10_graphs.svg}
}

@article{grigg2004evolution,
  title={The evolution of endothermy and its diversity in mammals and birds},
  author={Grigg, Gordon C and Beard, Lyn A and Augee, Michael L},
  journal={Physiological and Biochemical Zoology},
  volume={77},
  number={6},
  pages={982--997},
  year={2004},
  publisher={The University of Chicago Press}
}

@article{kim2018image,
  title={Image Enhancement Using Patch-Based Principal Energy Analysis},
  author={Kim, Wonjun},
  journal={IEEE Access},
  volume={6},
  pages={72620--72628},
  year={2018},
  publisher={IEEE}
}
